@article{platt1998sequential,
  title={Sequential minimal optimization: A fast algorithm for training support vector machines},
  author={Platt, John and others},
  year={1998},
  publisher={technical report msr-tr-98-14, Microsoft Research}
}

@article{joachims1999making,
  title={Making large scale SVM learning practical},
  author={Joachims, Thorsten},
  year={1999},
  publisher={Universit{\"a}t Dortmund}
}

@article{fan2005working,
  title={Working set selection using second order information for training support vector machines},
  author={Fan, Rong-En and Chen, Pai-Hsuen and Lin, Chih-Jen},
  journal={The Journal of Machine Learning Research},
  volume={6},
  pages={1889--1918},
  year={2005},
  publisher={JMLR. org}
}

@inproceedings{zhang2004solving,
  title={Solving large scale linear prediction problems using stochastic gradient descent algorithms},
  author={Zhang, Tong},
  booktitle={Proceedings of the twenty-first international conference on Machine learning},
  pages={116},
  year={2004},
  organization={ACM}
}

@article{kivinen2004online,
  title={Online learning with kernels},
  author={Kivinen, Jyrki and Smola, Alexander J and Williamson, Robert C},
  journal={Signal Processing, IEEE Transactions on},
  volume={52},
  number={8},
  pages={2165--2176},
  year={2004},
  publisher={IEEE}
}

@article{shalev2011pegasos,
  title={Pegasos: Primal estimated sub-gradient solver for svm},
  author={Shalev-Shwartz, Shai and Singer, Yoram and Srebro, Nathan and Cotter, Andrew},
  journal={Mathematical programming},
  volume={127},
  number={1},
  pages={3--30},
  year={2011},
  publisher={Springer}
}

@inproceedings{ouyang2010fast,
  title={Fast Stochastic Frank-Wolfe Algorithms for Nonlinear SVMs.},
  author={Ouyang, Hua and Gray, Alexander G},
  booktitle={SDM},
  pages={245--256},
  year={2010},
  organization={SIAM}
}

@article{fan2008liblinear,
  title={LIBLINEAR: A library for large linear classification},
  author={Fan, Rong-En and Chang, Kai-Wei and Hsieh, Cho-Jui and Wang, Xiang-Rui and Lin, Chih-Jen},
  journal={The Journal of Machine Learning Research},
  volume={9},
  pages={1871--1874},
  year={2008},
  publisher={JMLR. org}
}

@inproceedings{graf2004parallel,
  title={Parallel support vector machines: The cascade svm},
  author={Graf, Hans P and Cosatto, Eric and Bottou, Leon and Dourdanovic, Igor and Vapnik, Vladimir},
  booktitle={Advances in neural information processing systems},
  pages={521--528},
  year={2004}
}

@article{collobert2002parallel,
  title={A parallel mixture of SVMs for very large scale problems},
  author={Collobert, Ronan and Bengio, Samy and Bengio, Yoshua},
  journal={Neural computation},
  volume={14},
  number={5},
  pages={1105--1114},
  year={2002},
  publisher={MIT Press}
}

@article{fang2000uniform,
  title={Uniform design: theory and application},
  author={Fang, Kai-Tai and Lin, Dennis KJ and Winker, Peter and Zhang, Yong},
  journal={Technometrics},
  volume={42},
  number={3},
  pages={237--248},
  year={2000},
  publisher={Taylor \& Francis Group}
}